<?xml version="1.0" encoding="UTF-8"?><collection xmlns="http://www.loc.gov/MARC21/slim"><record><leader>00384nam--2200157-i-4500</leader><controlfield tag="001">000014849</controlfield><controlfield tag="002">20161230</controlfield><controlfield tag="005">20170102001121</controlfield><controlfield tag="008">060222s1000------------r-----000-0-eng-d</controlfield><datafield ind1=" " ind2=" " tag="100"><subfield code="a">De Alfaro, V</subfield></datafield><datafield ind1=" " ind2=" " tag="245"><subfield code="a">Potential scattering</subfield></datafield><datafield ind1=" " ind2=" " tag="260"><subfield code="a">Amsterdam</subfield><subfield code="b">North-Holland Publ.Co</subfield><subfield code="c">1965</subfield></datafield><datafield ind1=" " ind2=" " tag="490"><subfield code="a">IX+205p</subfield></datafield><datafield ind1=" " ind2=" " tag="700"><subfield code="a">Regge, T</subfield></datafield><datafield ind1=" " ind2=" " tag="852"><subfield code="a">530.145.61</subfield></datafield><datafield ind1=" " ind2=" " tag="CAT"><subfield code="a">SYS</subfield><subfield code="c">20170102</subfield><subfield code="h">001121</subfield></datafield></record></collection>